<record><leader>00000cas a22000007a 4500</leader><controlfield tag="001">23719645</controlfield><controlfield tag="008">910509d18841886mauwr ne      0    0eng d</controlfield><datafield ind1=" " ind2=" " tag="010"><subfield code="a">sn 91057075 </subfield></datafield><datafield ind1=" " ind2=" " tag="040"><subfield code="a">MGN</subfield><subfield code="b">eng</subfield><subfield code="c">MGN</subfield><subfield code="d">OCLCQ</subfield></datafield><datafield ind1=" " ind2=" " tag="042"><subfield code="a">msc</subfield></datafield><datafield ind1="0" ind2=" " tag="130"><subfield code="a">Charlestown enterprise (Boston, Mass. : 1884)</subfield></datafield><datafield ind1="1" ind2="0" tag="245"><subfield code="a">Charlestown enterprise.</subfield></datafield><datafield ind1=" " ind2=" " tag="260"><subfield code="a">Charlestown [Boston, Mass.] :</subfield><subfield code="b">Charlestown Enterprise Co.</subfield></datafield><datafield ind1=" " ind2=" " tag="300"><subfield code="a">v.</subfield></datafield><datafield ind1=" " ind2=" " tag="310"><subfield code="a">Weekly</subfield></datafield><datafield ind1="0" ind2=" " tag="362"><subfield code="a">Vol. 6, no. 18 (Nov. 1, 1884)-v. 9, no. 8 (Feb. 20, 1886).</subfield></datafield><datafield ind1=" " ind2=" " tag="752"><subfield code="a">United States</subfield><subfield code="b">Massachusetts</subfield><subfield code="c">Suffolk</subfield><subfield code="d">Boston.</subfield></datafield><datafield ind1="0" ind2="0" tag="780"><subfield code="t">New enterprise (Boston, Mass.)</subfield><subfield code="w">(DLC)sn 91057074</subfield></datafield><datafield ind1="0" ind2="7" tag="785"><subfield code="t">Charlestown news (Boston, Mass. : 1878)</subfield><subfield code="w">(DLC)sn 85033011</subfield></datafield><datafield ind1="0" ind2="7" tag="785"><subfield code="t">Charlestown enterprise, Charlestown news</subfield><subfield code="w">(DLC)sn 91057076</subfield></datafield></record>